% Encoding: UTF-8
@inproceedings{langley00,
 author    = {P. Langley},
 title     = {Crafting Papers on Machine Learning},
 year      = {2000},
 pages     = {1207--1216},
 editor    = {Pat Langley},
 booktitle     = {Proceedings of the 17th International Conference
              on Machine Learning (ICML 2000)},
 address   = {Stanford, CA},
 publisher = {Morgan Kaufmann}
}

@TechReport{mitchell80,
  author = 	 "T. M. Mitchell",
  title = 	 "The Need for Biases in Learning Generalizations",
  institution =  "Computer Science Department, Rutgers University",
  year = 	 "1980",
  address =	 "New Brunswick, MA",
}

@phdthesis{kearns89,
  author = {M. J. Kearns},
  title =  {Computational Complexity of Machine Learning},
  school = {Department of Computer Science, Harvard University},
  year =   {1989}
}

@Book{MachineLearningI,
  editor = 	 "R. S. Michalski and J. G. Carbonell and T.
		  M. Mitchell",
  title = 	 "Machine Learning: An Artificial Intelligence
		  Approach, Vol. I",
  publisher = 	 "Tioga",
  year = 	 "1983",
  address =	 "Palo Alto, CA"
}

@Book{DudaHart2nd,
  author =       "R. O. Duda and P. E. Hart and D. G. Stork",
  title =        "Pattern Classification",
  publisher =    "John Wiley and Sons",
  edition =      "2nd",
  year =         "2000"
}

@misc{anonymous,
  title= {Suppressed for Anonymity},
  author= {Author, N. N.},
  year= {2011},
}

@InCollection{Newell81,
  author =       "A. Newell and P. S. Rosenbloom",
  title =        "Mechanisms of Skill Acquisition and the Law of
                  Practice", 
  booktitle =    "Cognitive Skills and Their Acquisition",
  pages =        "1--51",
  publisher =    "Lawrence Erlbaum Associates, Inc.",
  year =         "1981",
  editor =       "J. R. Anderson",
  chapter =      "1",
  address =      "Hillsdale, NJ"
}


@Article{Samuel59,
  author = 	 "A. L. Samuel",
  title = 	 "Some Studies in Machine Learning Using the Game of
		  Checkers",
  journal =	 "IBM Journal of Research and Development",
  year =	 "1959",
  volume =	 "3",
  number =	 "3",
  pages =	 "211--229"
}

@InProceedings{KISS-GP,
  author    = {Andrew Gordon Wilson and Hannes Nickisch},
  title     = {Kernel Interpolation for Scalable Structured Gaussian Process (KISS-GP)},
  booktitle = {Proceedings of 32nd International Conference on Machine Learning},
  year      = {2015},
  publisher = {JMLR: W\&CP},
}

@InProceedings{DPGPwithConstraints,
  author    = {James C. Ross and Jennifer G. Dy},
  title     = {Nonparametric Mixture of Gaussian Process with Constraints},
  booktitle = {Proceedings of the 30th International Conference on Machine Learning},
  year      = {2013},
  publisher = {JMLR: W\&CP},
}

@Article{FastNonP,
  author  = {James Hensman and Magnus Rattray and Neil D. Lawrence},
  title   = {Fast Nonparametric Clustering of Structured Time-Series},
  journal = {IEEE Transactions on Pattern Analysis and Machine Intelligence},
  year    = {2014},
  volume  = {37},
  pages   = {383-393},
}

@InProceedings{GPChangePointModels,
  author    = {Yunus Saatci and Ryan Turner and Carl Edward Rasmussen},
  title     = {Gaussian Process Change Point Models},
  booktitle = {Proceedings of the 27th International Conference on Machine Learning},
  year      = {2010},
  publisher = {JMLR},
}

@InProceedings{StructDiscNonPara,
  author    = {David Duvenaud and James Lloyd and Roger Grosse and Joshua Tenenbaum and Ghahramani Zoubin},
  title     = {Structure Discovery in Nonparametric Regression through Compositional Kernel Search},
  booktitle = {Proceedings of the 30th International Conference on Machine Learning},
  year      = {2013},
  publisher = {JMLR: W\&CP},
}

@Unpublished{IBPGP,
  author = {Anh Tong and Jaesik Choi},
  title  = {Discovering Explainable Latent Covariance Structure for Multiple Time Series},
  year   = {2017},
}

@Misc{Bitcoin,
  title        = {Bitcoin Exchange Rates},
  howpublished = {Quandl},
  year         = {2017},
}

@Article{SparseGPOnline,
  author  = {Lehel Csato and Manfred Opper},
  title   = {Sparse On-Line Gaussian Processes},
  journal = {Neural Computation},
  year    = {2002},
}

@InProceedings{IBPshort,
  author = {Ilker Yildirim},
  title  = {Bayesian Statistics: Indian Buffet Process},
  year   = {2012},
}

@Article{SMK,
  author  = {Andrew Gordon Wilson and Ryan Prescott Adams},
  title   = {Gaussian Process Kernels for Pattern Discovery and Extrapolation},
  journal = {JMLR},
  year    = {2013},
}

@Article{IBPlong,
  author  = {Thomas L.. Griffiths and Zoubin Ghahramani},
  title   = {The Indian Buffet Process: An Introduction and Review},
  journal = {JMLR},
  year    = {2011},
}

@Book{GPML,
  title     = {Gaussian Processes for Machine Learning},
  publisher = {The MIT Press},
  year      = {2006},
  author    = {Carl Edward Rasmussen and Christopher K. I. Williams},
}

@Book{BarSha,
  title     = {Estimation with Applications to Tracking and Navigation},
  publisher = {John Wiley \& Sons, Inc.},
  year      = {2001},
  author    = {Yaakov Bar-Shalom and X. Rong Li and Thiagalingam Kirubarajan},
}

@Misc{WellLog,
  author       = {Marc Lavielle},
  title        = {Statistics in Action with R},
  howpublished = {Online},
  month        = {March},
  year         = {2017},
}

@Comment{jabref-meta: databaseType:bibtex;}
